



@article{spectre,
  title={Spectre Attacks: Exploiting Speculative Execution},
  author={Kocher, Paul and Genkin, Daniel and Gruss, Daniel and Haas, Werner and Hamburg, Mike and Lipp, Moritz and Mangard, Stefan and Prescher, Thomas and Schwarz, Michael and Yarom, Yuval},
  journal={arXiv preprint arXiv:1801.01203},
  year={2018}
}

@article{meltdown,
  title={Meltdown},
  author={Lipp, Moritz and Schwarz, Michael and Gruss, Daniel and Prescher, Thomas and Haas, Werner and Mangard, Stefan and Kocher, Paul and Genkin, Daniel and Yarom, Yuval and Hamburg, Mike},
  journal={arXiv preprint arXiv:1801.01207},
  year={2018}
}


@inproceedings{malware-packers,
  title={A study of the packer problem and its solutions},
  author={Guo, Fanglu and Ferrie, Peter and Chiueh, Tzi-Cker},
  booktitle={International Workshop on Recent Advances in Intrusion Detection},
  pages={98--115},
  year={2008},
  organization={Springer}
}

@inproceedings{balzarotti2010efficient,
  title={Efficient Detection of Split Personalities in Malware.},
  author={Balzarotti, Davide and Cova, Marco and Karlberger, Christoph and Kirda, Engin and Kruegel, Christopher and Vigna, Giovanni},
  booktitle={NDSS},
  year={2010}
}

@inproceedings{moser2007exploring,
  title={Exploring multiple execution paths for malware analysis},
  author={Moser, Andreas and Kruegel, Christopher and Kirda, Engin},
  booktitle={Security and Privacy, 2007. SP'07. IEEE Symposium on},
  pages={231--245},
  year={2007},
  organization={IEEE}
}

@inproceedings{schwartz2010all,
  title={All you ever wanted to know about dynamic taint analysis and forward symbolic execution (but might have been afraid to ask)},
  author={Schwartz, Edward J and Avgerinos, Thanassis and Brumley, David},
  booktitle={Security and privacy (SP), 2010 IEEE symposium on},
  pages={317--331},
  year={2010},
  organization={IEEE}
}


@inproceedings{wang2017angr,
  title={Angr-The Next Generation of Binary Analysis},
  author={Wang, Fish and Shoshitaishvili, Yan},
  booktitle={Cybersecurity Development (SecDev), 2017 IEEE},
  pages={8--9},
  year={2017},
  organization={IEEE}
}

@article{egele2012survey,
  title={A survey on automated dynamic malware-analysis techniques and tools},
  author={Egele, Manuel and Scholte, Theodoor and Kirda, Engin and Kruegel, Christopher},
  journal={ACM computing surveys (CSUR)},
  volume={44},
  number={2},
  pages={6},
  year={2012},
  publisher={ACM}
}

@misc{measuring-rob,
author={Henry Wong},
title={Measuring Reorder Buffer Capacity},
month={may},
year=2013,
url={http://blog.stuffedcow.net/2013/05/measuring-rob-capacity/}
}


@article{intel-instruction-tables,
  title={Instruction tables: Lists of instruction latencies, throughputs and micro-operation breakdowns for Intel, AMD and VIA CPUs},
  author={Fog, Agner},
  journal={Copenhagen University College of Engineering},
  volume={93},
  pages={110},
  year={2011},
}


@misc{project_zero,
  author={Horn, Jann},
  title={Project Zero: Reading privileged memory with a side-channel},
  howpublished={\url{https://googleprojectzero.blogspot.com/2018/01/reading-privileged-memory-with-side.html}},
  note={Accessed: 2018-05-01}
}

@inproceedings{yarom2014flush+,
  title={FLUSH+ RELOAD: A High Resolution, Low Noise, L3 Cache Side-Channel Attack.},
  author={Yarom, Yuval and Falkner, Katrina},
  booktitle={USENIX Security Symposium},
  pages={719--732},
  year={2014}
}

@misc{weird_exploits,
  author={Richarte, Gerardo},
  title={About Exploits Writing},
  url={https://www.coresecurity.com/system/files/publications/2016/05/2002.gera_.About_Exploits_Writing.pdf},
  note={Accessed: 2018-05-01}
}

@misc{weird_machines,
  author={Bratus, Sergey},
  url={http://www.cs.dartmouth.edu/~sergey/hc/rss-hacker-research.pdf},
  note={Accessed: 2018-05-01}
}

@article{bratus2011exploit,
  title={Exploit programming: From buffer overflows to weird machines and theory of computation},
  author={Bratus, Sergey and Locasto, Michael and Patterson, Meredith and Sassaman, Len and Shubina, Anna},
  journal={$\{$USENIX; login:$\}$},
  year={2011}
}

@inproceedings{bangert2013page,
  title={The Page-Fault Weird Machine: Lessons in Instruction-less Computation.},
  author={Bangert, Julian and Bratus, Sergey and Shapiro, Rebecca and Smith, Sean W},
  booktitle={WOOT},
  year={2013}
}


@inproceedings{shacham2007geometry,
  title={The geometry of innocent flesh on the bone: Return-into-libc without function calls (on the x86)},
  author={Shacham, Hovav},
  booktitle={Proceedings of the 14th ACM conference on Computer and communications security},
  pages={552--561},
  year={2007},
  organization={ACM}
}

@misc{buffer_overflow,
  author={Aleph One},
  title={ Smashing the stack for fun and profit.},
  howpublished={ Phrack Magazine , 49(14), Nov. 1996.},
  url={ http://www.phrack.org/archives/49/P49-14}
}

@misc{uop_article,
  author={Fog, Agner},
  title={Software Optimization Resources: 4. Instruction Tables},
  url={http://www.agner.org/optimize/instruction_tables.pdf},
  note={Accessed: 2018-05-01}
}

@misc{format_string_exploit,
  author={gera and riq},
  title={Advances in format string exploiting.},
  howpublished={Phrack Magazine , 59(7), July 2001.},
  url={http://www.phrack.org/archives/59/p59-0x07.txt}
}

@misc{retpoline,
  author={Turner, Paul},
  title={Retpoline: a software construct for preventing branch-target-injection},
  url={https://support.google.com/faqs/answer/7625886},
  year=2018
}

@inproceedings{lindorfer2011detecting,
  title={Detecting environment-sensitive malware},
  author={Lindorfer, Martina and Kolbitsch, Clemens and Comparetti, Paolo Milani},
  booktitle={International Workshop on Recent Advances in Intrusion Detection},
  pages={338--357},
  year={2011},
  organization={Springer}
}


@inproceedings{paleari2009fistful,
  title={A fistful of red-pills: How to automatically generate procedures to detect CPU emulators},
  author={Paleari, Roberto and Martignoni, Lorenzo and Roglia, Giampaolo Fresi and Bruschi, Danilo},
  booktitle={Proceedings of the USENIX Workshop on Offensive Technologies (WOOT)},
  volume={41},
  pages={86},
  year={2009}
}


@inproceedings{kirat2014barecloud,
  title={BareCloud: Bare-metal Analysis-based Evasive Malware Detection.},
  author={Kirat, Dhilung and Vigna, Giovanni and Kruegel, Christopher},
  booktitle={USENIX Security Symposium},
  pages={287--301},
  year={2014}
}

@inproceedings{kirat2011barebox,
  title={Barebox: efficient malware analysis on bare-metal},
  author={Kirat, Dhilung and Vigna, Giovanni and Kruegel, Christopher},
  booktitle={Proceedings of the 27th Annual Computer Security Applications Conference},
  pages={403--412},
  year={2011},
  organization={ACM}
}


@misc{red-pill,
  title={redpillâ€¦ or how to detect VMM using (almost) one CPU instruction},
  author={Rutkowska,Joanna},
  url={https://blog.invisiblethings.org/papers/},
  year={2004}
}
